<?xml version="1.0" encoding="UTF-8"?><record xmlns="http://www.loc.gov/MARC21/slim" xmlns:cinclude="http://apache.org/cocoon/include/1.0" xmlns:zs="http://www.loc.gov/zing/srw/">
  <leader>00973nz  a2200181n  4500</leader>
  <controlfield tag="001">no2009061892</controlfield>
  <controlfield tag="003">DLC</controlfield>
  <controlfield tag="005">20090423075709.0</controlfield>
  <controlfield tag="008">090421n| acannaabn          |a ana     c</controlfield>
  <datafield tag="010" ind1=" " ind2=" ">
    <subfield code="a">no2009061892</subfield>
  </datafield>
  <datafield tag="035" ind1=" " ind2=" ">
    <subfield code="a">(OCoLC)oca08084188</subfield>
  </datafield>
  <datafield tag="040" ind1=" " ind2=" ">
    <subfield code="a">ViRCU</subfield>
    <subfield code="b">eng</subfield>
    <subfield code="c">ViRCU</subfield>
  </datafield>
  <datafield tag="043" ind1=" " ind2=" ">
    <subfield code="a">n-us-va</subfield>
  </datafield>
  <datafield tag="151" ind1=" " ind2=" ">
    <subfield code="a">Jackson Ward Historic District (Richmond, Va.)</subfield>
  </datafield>
  <datafield tag="410" ind1="1" ind2=" ">
    <subfield code="a">Richmond (Va.)</subfield>
    <subfield code="b">Jackson Ward Historic District</subfield>
  </datafield>
  <datafield tag="667" ind1=" " ind2=" ">
    <subfield code="a">SUBJECT USAGE: This heading is not valid for use as a geographic subdivision.</subfield>
  </datafield>
  <datafield tag="670" ind1=" " ind2=" ">
    <subfield code="a">National Historic Landmarks Program (NHL) website, January 28, 2009  :</subfield>
    <subfield code="b">(roughly bounded by Fifth, Marshall, and Gilmer Streets and the Richmond Petersburg Turnpike.)</subfield>
  </datafield>
  <datafield tag="670" ind1=" " ind2=" ">
    <subfield code="a">National Register of Historic Places website, January 28, 2009 :</subfield>
    <subfield code="b">(Jackson Ward is a visually cohesive residential neighborhood of nineteenth-century townhouses located in the center of Richmond. Covering some thirty-eight city blocks, the neighborhood has well-defined boundaries.)</subfield>
  </datafield>
</record>